
@misc{noauthor_fiber_nodate,
	title = {Fiber {Optic} {Basics}},
	url = {https://www.newport.com/t/fiber-optic-basics},
	urldate = {2022-10-03},
	file = {Fiber Optic Basics:C\:\\Users\\pierr\\Zotero\\storage\\P4JW9Q3U\\fiber-optic-basics.html:text/html},
}

@misc{noauthor_what_nodate,
	title = {What is the difference between single mode vs. multimode fiber?- {TC} {Communications}},
	url = {https://www.tccomm.com/Literature/Literature/Education/Single-mode-vs-multimode},
	urldate = {2022-10-03},
	file = {What is the difference between single mode vs. multimode fiber?- TC Communications:C\:\\Users\\pierr\\Zotero\\storage\\SHMEFS8B\\Single-mode-vs-multimode.html:text/html},
}

@misc{pyphy_python_2022,
	title = {Python},
	url = {https://github.com/PyPhy/Python/blob/f25a067db54589eb83ed1b03aa544a57db61601e/Physics/Harmonics.py},
	abstract = {In this folder my all Python codes are stored.},
	urldate = {2022-10-10},
	author = {PyPhy},
	month = sep,
	year = {2022},
	note = {original-date: 2019-10-20T13:32:39Z},
}

@misc{paschotta_lp_nodate,
	title = {{LP} {Modes}},
	url = {https://www.rp-photonics.com/lp_modes.html},
	abstract = {LP modes are linearly polarized propagation modes of optical fibers with radially symmetric index profiles in the approximation of weak guidance.},
	language = {en},
	urldate = {2022-10-12},
	author = {Paschotta, Dr RÃ¼diger},
	file = {Snapshot:C\:\\Users\\pierr\\Zotero\\storage\\6NJ66LMB\\lp_modes.html:text/html},
}
