
@misc{noauthor_plasma_2022,
	title = {Plasma oscillation},
	copyright = {Creative Commons Attribution-ShareAlike License},
	url = {https://en.wikipedia.org/w/index.php?title=Plasma_oscillation&oldid=1098426493},
	abstract = {Plasma oscillations, also known as Langmuir waves (after Irving Langmuir), are rapid oscillations of the electron density in conducting media such as plasmas or metals in the ultraviolet region. The oscillations can be described as an instability in the dielectric function of a free electron gas. The frequency only depends weakly on the wavelength of the oscillation. The quasiparticle resulting from the quantization of these oscillations is the plasmon.
Langmuir waves were discovered by American physicists Irving Langmuir and Lewi Tonks in the 1920s.  They are parallel in form to Jeans instability waves, which are caused by gravitational instabilities in a static medium.},
	language = {en},
	urldate = {2022-09-26},
	journal = {Wikipedia},
	month = jul,
	year = {2022},
	note = {Page Version ID: 1098426493},
	file = {Snapshot:C\:\\Users\\pierr\\Zotero\\storage\\D4JPVG66\\Plasma_oscillation.html:text/html},
}

@misc{noauthor_physique_nodate,
	title = {Physique des semi-conducteurs : {Fondamentaux} - {Isolant}, semi-conducteur, conducteur},
	url = {http://www.optique-ingenieur.org/fr/cours/OPI_fr_M05_C02/co/Contenu_02.html},
	urldate = {2022-09-26},
	file = {Physique des semi-conducteurs \: Fondamentaux - Isolant, semi-conducteur, conducteur:C\:\\Users\\pierr\\Zotero\\storage\\65UH2K8E\\Contenu_02.html:text/html},
}

@misc{noauthor_gap_2020,
	title = {Gap direct et gap indirect},
	copyright = {Creative Commons Attribution-ShareAlike License},
	url = {https://fr.wikipedia.org/w/index.php?title=Gap_direct_et_gap_indirect&oldid=176326230},
	abstract = {En physique des semi-conducteurs, on appelle gap la largeur de la bande interdite, laquelle est l'intervalle d'énergies situé entre l'état de plus basse énergie de la bande de conduction et l'état de plus haute énergie de la bande de valence. On parle de gap direct lorsque ces deux extremums correspondent au même quasi-moment (quantité de mouvement associée au vecteur d'onde dans la première zone de Brillouin), et de gap indirect lorsque la différence entre les vecteurs d'onde de ces deux extremums est non nulle. Les matériaux à gap direct et ceux à gap indirect se comportent très différemment du point de vue optoélectronique car les porteurs de charge des matériaux à gap direct peuvent passer d'une bande à l'autre en échangeant simplement un photon, dont la quantité de mouvement est négligeable à ces niveaux d'énergie, tandis que les porteurs des matériaux à gap indirect doivent interagir à la fois avec un photon et avec un phonon afin de modifier leur vecteur d'onde, ce qui rend la transition bien moins probable. Un certain nombre de semi-conducteurs III-V sont à gap direct, comme l'arséniure de gallium GaAs et l'arséniure d'indium InAs, tandis que d'autres sont à gap indirect, comme l'antimoniure d'aluminium AlSb ; le silicium et le germanium sont également des semi-conducteurs à gap indirect.},
	language = {fr},
	urldate = {2022-09-26},
	journal = {Wikipédia},
	month = nov,
	year = {2020},
	note = {Page Version ID: 176326230},
	file = {Snapshot:C\:\\Users\\pierr\\Zotero\\storage\\J52D63K5\\Gap_direct_et_gap_indirect.html:text/html},
}

@misc{larousse_chlorophylle_nodate,
	title = {chlorophylle - {LAROUSSE}},
	url = {https://www.larousse.fr/encyclopedie/divers/chlorophylle/33517},
	abstract = {Pigment caractéristique des plantes vertes localisé dans des organites cellulaires chloroplastes des parties éclairées du végétal et assurant l'absorption d'une partie de l'énergie des rayons solaires ce qui rend possible la photosynthèse},
	language = {fr},
	urldate = {2022-09-27},
	author = {Larousse, Éditions},
}

@misc{noauthor_carotene_2021,
	title = {Carotène},
	copyright = {Creative Commons Attribution-ShareAlike License},
	url = {https://fr.wikipedia.org/w/index.php?title=Carot%C3%A8ne&oldid=183242750},
	abstract = {Le carotène est un terpène découvert en 1881 par Wachenroder. C'est un pigment de couleur orange ou jaune, dimère de la vitamine A. Il est important pour la photosynthèse. Il se présente majoritairement sous les formes α et β-carotène et plus minoritairement sous les formes ε, γ, δ ou ζ-carotène. 
Par extension, on appelle carotènes l'ensemble des caroténoïdes qui ne sont pas oxygénés (comme le lycopène et le phytoène) : ce sont des tétraterpènes, ils comportent quarante atomes de carbone.},
	language = {fr},
	urldate = {2022-09-27},
	journal = {Wikipédia},
	month = may,
	year = {2021},
	note = {Page Version ID: 183242750},
	file = {Snapshot:C\:\\Users\\pierr\\Zotero\\storage\\SQ3MA7F7\\Carotène.html:text/html},
}

@misc{noauthor_spectres_nodate,
	title = {Spectres d'absorption des pigments [{Nutrition} carbonée]},
	url = {https://uel.unisciel.fr/biologie/module1/module1_ch02/co/simuler_ch2_03.html},
	urldate = {2022-09-27},
	file = {Spectres d'absorption des pigments [Nutrition carbonée]:C\:\\Users\\pierr\\Zotero\\storage\\BDHGJN38\\simuler_ch2_03.html:text/html},
}

@misc{noauthor_why_nodate,
	title = {Why {Leaves} {Change} {Color}},
	url = {https://www.esf.edu/pubprog/brochure/leaves/leaves.htm},
	urldate = {2022-09-27},
	file = {Why Leaves Change Color:C\:\\Users\\pierr\\Zotero\\storage\\5IDDQHXQ\\leaves.html:text/html},
}

@article{huang_highly_2015,
	title = {Highly sensitive phototransistor based on {GaSe} nanosheets},
	volume = {107},
	issn = {0003-6951, 1077-3118},
	url = {http://aip.scitation.org/doi/10.1063/1.4933034},
	doi = {10.1063/1.4933034},
	language = {en},
	number = {14},
	urldate = {2022-09-27},
	journal = {Applied Physics Letters},
	author = {Huang, Hai and Wang, Peng and Gao, Yanqing and Wang, Xudong and Lin, Tie and Wang, Jianlu and Liao, Lei and Sun, Jinglan and Meng, Xiangjian and Huang, Zhiming and Chen, Xiaoshuang and Chu, Junhao},
	month = oct,
	year = {2015},
	pages = {143112},
}

@misc{noauthor_spectre_nodate,
	title = {Spectre d'absorption : définition et explications},
	url = {https://www.aquaportail.com/definition-1467-spectre-d-absorption.html},
	urldate = {2022-09-27},
}

@misc{noauthor_wavelengths_nodate,
	title = {Wavelengths of light and photosynthetic pigments (article)},
	url = {https://www.khanacademy.org/science/biology/photosynthesis-in-plants/the-light-dependent-reactions-of-photosynthesis/a/light-and-photosynthetic-pigments},
	abstract = {Properties of light. How chlorophylls and other pigments absorb light.},
	language = {en},
	urldate = {2022-09-27},
	journal = {Khan Academy},
	file = {Snapshot:C\:\\Users\\pierr\\Zotero\\storage\\8ZC7VK9T\\light-and-photosynthetic-pigments.html:text/html},
}
