
@misc{noauthor_what_nodate,
	title = {What is the number density of conduction electrons in gold, which is a monovalent metal? {Use} the molar mass and density pro - vided in {Appendix} {F} .},
	shorttitle = {What is the number density of conduction electrons in gold, which is a monovalent metal?},
	url = {https://www.toppr.com/ask/question/what-is-the-number-density-of-conduction-electrons-in-gold-which-is-a-monovalent-metal/},
	abstract = {Click hereüëÜto get an answer to your question ‚úçÔ∏è What is the number density of conduction electrons in gold, which is a monovalent metal? Use the molar mass and density pro - vided in Appendix F .},
	language = {en-in},
	urldate = {2022-09-27},
	journal = {Toppr Ask},
	file = {Snapshot:C\:\\Users\\pierr\\Zotero\\storage\\GHZ542XT\\what-is-the-number-density-of-conduction-electrons-in-gold-which-is-a-monovalent-metal.html:text/html},
}
