
@article{wall_zeeman_nodate,
	title = {The {Zeeman} {Effect} in {Mercury}},
	language = {en},
	author = {Wall, Casey},
	pages = {2},
	file = {Wall - The Zeeman Effect in Mercury.pdf:C\:\\Users\\pierr\\Zotero\\storage\\5PDIVZX6\\Wall - The Zeeman Effect in Mercury.pdf:application/pdf},
}

@misc{noauthor_interferometre_2022,
	title = {Interféromètre de {Fabry}-{Perot}},
	copyright = {Creative Commons Attribution-ShareAlike License},
	url = {https://fr.wikipedia.org/w/index.php?title=Interf%C3%A9rom%C3%A8tre_de_Fabry-Perot&oldid=194797605#Finesse_de_l'interf%C3%A9rom%C3%A8tre},
	abstract = {L'interféromètre de Fabry-Perot est un interféromètre optique constitué de deux miroirs semi-réfléchissants plans et parallèles à hauts coefficients de réflexion. Il doit son appellation à Charles Fabry et Alfred Perot. La lumière entrante effectue de multiples aller-retour à l'intérieur de cette cavité optique et ressort partiellement à chaque réflexion. Les rayons sortants interfèrent entre eux et produisent des anneaux d'interférence localisés à l'infini.},
	language = {fr},
	urldate = {2022-11-08},
	journal = {Wikipédia},
	month = jun,
	year = {2022},
	note = {Page Version ID: 194797605},
	file = {Snapshot:C\:\\Users\\pierr\\Zotero\\storage\\IFC7MVLA\\Interféromètre_de_Fabry-Perot.html:text/html},
}

@article{napolita_university_nodate,
	title = {{UNIVERSITY} {OF} {ROCJI}.{DSTER}},
	language = {en},
	author = {Napolita, Jim},
	pages = {543},
	file = {Napolita - UNIVERSITY OF ROCJI.DSTER.pdf:C\:\\Users\\pierr\\Zotero\\storage\\HS84RSJA\\Napolita - UNIVERSITY OF ROCJI.DSTER.pdf:application/pdf},
}
